<?xml version="1.0" encoding="UTF-8"?><record xmlns="http://www.loc.gov/MARC21/slim" xmlns:cinclude="http://apache.org/cocoon/include/1.0" xmlns:zs="http://www.loc.gov/zing/srw/">
  <leader>00409cz  a2200133n  4500</leader>
  <controlfield tag="001">n  85827892 </controlfield>
  <controlfield tag="003">DLC</controlfield>
  <controlfield tag="005">20080628080732.0</controlfield>
  <controlfield tag="008">851206n| acannaabn          |n aad      </controlfield>
  <datafield tag="010" ind1=" " ind2=" ">
    <subfield code="a">n  85827892 </subfield>
  </datafield>
  <datafield tag="035" ind1=" " ind2=" ">
    <subfield code="a">(OCoLC)oca01449222</subfield>
  </datafield>
  <datafield tag="040" ind1=" " ind2=" ">
    <subfield code="a">DLC</subfield>
    <subfield code="b">eng</subfield>
    <subfield code="c">DLC</subfield>
    <subfield code="d">OCoLC</subfield>
  </datafield>
  <datafield tag="100" ind1="1" ind2=" ">
    <subfield code="a">Renden, Josef Arnold</subfield>
  </datafield>
  <datafield tag="670" ind1=" " ind2=" ">
    <subfield code="a">nuc85-76379: His Developmental studies with an avian ... 1977</subfield>
    <subfield code="b">(hdg. on CU-A rept.: Renden, Josef Arnold)</subfield>
  </datafield>
</record>